<record><leader>00000cas a22000007a 4500</leader><controlfield tag="001">27689348</controlfield><controlfield tag="008">930308d189u194unhuwr ne      0    0eng d</controlfield><datafield ind1=" " ind2=" " tag="010"><subfield code="a">sn 93059194 </subfield></datafield><datafield ind1=" " ind2=" " tag="040"><subfield code="a">MGN</subfield><subfield code="b">eng</subfield><subfield code="c">MGN</subfield><subfield code="d">OCLCQ</subfield></datafield><datafield ind1=" " ind2=" " tag="042"><subfield code="a">msc</subfield></datafield><datafield ind1="0" ind2="4" tag="245"><subfield code="a">The Hollis homestead.</subfield></datafield><datafield ind1=" " ind2=" " tag="260"><subfield code="a">Hollis, N.H. :</subfield><subfield code="b">George H.B. Turner</subfield></datafield><datafield ind1=" " ind2=" " tag="300"><subfield code="a">v.</subfield></datafield><datafield ind1=" " ind2=" " tag="310"><subfield code="a">Weekly</subfield></datafield><datafield ind1=" " ind2=" " tag="500"><subfield code="a">Place of publication is also given as Ayer, Mass.</subfield></datafield><datafield ind1=" " ind2=" " tag="515"><subfield code="a">Assumed the numbering used by other newspapers issued by the same publisher.</subfield></datafield><datafield ind1=" " ind2=" " tag="588"><subfield code="a">Description based on: 59th year, no. 48 (July 23, 1927).</subfield></datafield><datafield ind1=" " ind2=" " tag="752"><subfield code="a">United States</subfield><subfield code="b">New Hampshire</subfield><subfield code="c">Hillsborough</subfield><subfield code="d">Hollis.</subfield></datafield><datafield ind1=" " ind2=" " tag="752"><subfield code="a">United States</subfield><subfield code="b">Massachusetts</subfield><subfield code="c">Middlesex</subfield><subfield code="d">Ayer.</subfield></datafield></record>